@article{liu2009uwave,
  title={uWave: Accelerometer-based personalized gesture recognition and its applications},
  author={Liu, Jiayang and Zhong, Lin and Wickramasuriya, Jehan and Vasudevan, Venu},
  journal={Pervasive and Mobile Computing},
  volume={5},
  number={6},
  pages={657--675},
  year={2009},
  publisher={Elsevier}
}

@inproceedings{zhong2009user,
  title={User evaluation of lightweight user authentication with a single tri-axis accelerometer},
  author={Zhong, J Liuand L and Wickramasuriya, Jehan and Vasudevan, Venu},
  booktitle={Proceedings of the 11th International Conference on Human-Computer Interaction with Mobile Devices and Services},
  pages={15},
  year={2009},
  organization={Citeseer}
}

@inproceedings{akl2010accelerometer,
  title={Accelerometer-based gesture recognition via dynamic-time warping, affinity propagation, \& compressive sensing},
  author={Akl, Ahmad and Valaee, Shahrokh},
  booktitle={Acoustics Speech and Signal Processing (ICASSP), 2010 IEEE International Conference on},
  pages={2270--2273},
  year={2010},
  organization={IEEE}
}

@incollection{wu2009gesture,
  title={Gesture recognition with a 3-d accelerometer},
  author={Wu, Jiahui and Pan, Gang and Zhang, Daqing and Qi, Guande and Li, Shijian},
  booktitle={Ubiquitous intelligence and computing},
  pages={25--38},
  year={2009},
  publisher={Springer}
}
